@online{BBCNewsMundo,
  author = {{BBC News Mundo}},
  title = {Twitter: la farmacéutica que se derrumbó en bolsa tras ser víctima del caos en la red social},
  year = {2022},
  month = {noviembre 14},
  url = {https://www.bbc.com/mundo/noticias-63623491},
  note = {Consultado el 17 de octubre de 2023}
}

@misc{shafaghi2022,
  author = {Ali Shafaghi},
  title = {Hashtag Tesla Tweets (+150K Tweets)},
  year = {2022},
  url = {https://www.kaggle.com/datasets/alishafaghi/hashtag-tesla-tweets},
  publisher = {Kaggle},
}